@inproceedings{hou2014hitsz,
  title={HITSZ-ICRC at NTCIR-11 Temporalia Task},
  author={Hou, Yongshuai and Tan, Cong and Xu, Jun and Pan, Youcheng and Chen, Qingcai and Wang, Xiaolong},
  booktitle={Proceedings of the 11th NTCIR Conference on Evaluation of Information Access Technologies},
  pages={468--473},
  year={2014}
}

@InProceedings{hou-EtAl:2015:SemEval2,
	author    = {Hou, Yongshuai  and  Tan, Cong  and  Wang, Xiaolong  and  Zhang, Yaoyun  and  Xu, Jun  and  Chen, Qingcai},
	title     = {HITSZ-ICRC: Exploiting Classification Approach for Answer Selection in Community Question Answering},
	booktitle = {Proceedings of the 9th International Workshop on Semantic Evaluation (SemEval 2015)},
	month     = {June},
	year      = {2015},
	address   = {Denver, Colorado},
	publisher = {Association for Computational Linguistics},
	pages     = {403--409},
	url       = {http://www.aclweb.org/anthology/S15-2061}
}

@InProceedings{hou-EtAl:2015:SemEval1,
	author    = {Hou, Yongshuai  and  Tan, Cong  and  Chen, Qingcai  and  Wang, Xiaolong},
	title     = {HITSZ-ICRC: An Integration Approach for QA TempEval Challenge},
	booktitle = {Proceedings of the 9th International Workshop on Semantic Evaluation (SemEval 2015)},
	month     = {June},
	year      = {2015},
	address   = {Denver, Colorado},
	publisher = {Association for Computational Linguistics},
	pages     = {398--402},
	url       = {http://www.aclweb.org/anthology/S15-2060}
}


@incollection{hou2014user,
  title={User Input Classification for Chinese Question Answering System},
  author={Hou, Yongshuai and Wang, Xiaolong and Chen, Qingcai and Li, Man and Tan, Cong},
  booktitle={Machine Learning and Cybernetics},
  volume={481},
  pages={52--59},
  year={2014},
  publisher={Springer Berlin Heidelberg}
}